% ----- My Thesis -----

% Research Context

@mastersthesis{hiisila:2005,
  author = {Hiisil\"{a}, Aki},
  title = {{Kurssinhallintaj\"{a}rjestelm\"{a} ohjelmoinnin perusopetuksen avuksi (Course Management System for basic courses in programming)}},
  year = {2005},
  school = {Helsinki University of Technology},
  address = {Espoo, Finland},
  abstract = {Kiinnostus verkko-opetusta kohtaan on kasvanut viime vuosina
    merkitt\"{a}v\"{a}sti Suomessa. Samaan aikaan erilaisten opetuksen
    tukij\"{a}rjestelmien ja kurssinhallintaj\"{a}rjestelmien tarjonta on kasvanut
    nopeasti.
    
    Teknillisess\"{a} korkeakoulussa on ohjelmoinnin perusopetuksen apuna k\"{a}ytetty
    jo pitk\"{a}\"{a}n erilaisia ohjelmia. N\"{a}m\"{a} kurssit ovat luonteeltaan ns.
    massakursseja joten kurssinhallintaj\"{a}rjestelm\"{a}ss\"{a} t\"{a}ytyy olla toimintoja
    pienten ohjelmointiteht\"{a}vien automaattista tarkastusta varten. Ohjelmoinnin
    peruskurssit asettavat muutenkin tiukat vaatimukset
    kurssinhallintaj\"{a}rjestelm\"{a}n ominaisuuksille ja luotettavuudelle.
    
    T\"{a}ss\"{a} ty\"{o}ss\"{a} esitell\"{a}\"{a}n ty\"{o}n yhteydess\"{a} kehitetty, nykyisin useilla
    ohjelmoinnin peruskursseilla Teknillisess\"{a} korkeakoulussa k\"{a}ytett\"{a}v\"{a}
    Goblin-kurssinhallintaj\"{a}rjestelm\"{a}, sek\"{a} t\"{a}m\"{a}n yhteydess\"{a} k\"{a}ytett\"{a}v\"{a}
    EXPACA-ohjelma, joka hoitaa ohjelmointiteht√§vien automaattisen
    tarkistamisen. Ty\"{o} antaa kuvan siit\"{a}, kuinka laaja, vaativa ja monien eri
    tekniikoiden osaamista vaativa ty\"{o} nykyaikaisen, opetusta tukevan
    kurssinhallintaj\"{a}rjestelm\"{a}n kehitt\"{a}minen on}
}

% end Research Context


% Computer Science Education

@article{ben-ari:1998,
  author = {Mordechai Ben-Ari},
  title = {Constructivism in {Computer} {Science} {Education}},
  journal = {SIGCSE Bulletin},
  volume = {30},
  number = {1},
  pages = {257--261},
  year = {1998},
  publisher = {ACM}
}

@article{ben-ari:2001,
  author = {Mordechai Ben-Ari},
  title = {Constructivism in {Computer} {Science} {Education}},
  journal = {Journal of Computers in Mathematics and Science Teaching},
  volume = {20},
  number = {1},
  pages = {45--73},
  year = {2001}
}

@article{duboulay:1986,
  author = {Benedict du Boulay},
  title = {Some {Difficulties} of {Learning} to {Program}},
  journal = {Journal of Educational Computing Research},
  volume = {2},
  number = {1},
  pages = {57--73},
  year = {1986},
  publisher = {Baywood}
}

@incollection{glasersfeld:1995,
  author = {Ernst von Glasersfeld},
  title = {{A Constructivist Approach to Teaching}},
  editors = {Steffe L. P. & Gale J.},
  booktitle = {Constructivism in Education},
  pages = {3--15},
  year = 1995,
  publisher = {Erlbaum, Hillsdale}
}

@article{smith:1994,
  author = {Smith III, John P and Disessa, Andrea A and Roschelle, Jeremy},
  title = {{Misconceptions Reconceived: A Constructivist Analysis of Knowledge in Transition}},
  journal = {The Journal of the Learning Sciences},
  volume = {3},
  number = {2},
  pages = {115--163},
  year = {1993},
  publisher = {Taylor \& Francis}
}


%%%

  %%%%% subsection Motivation %%%%%

  % RELATED TO GAMES %

  @article{bayliss:2006,
   author = {Bayliss, Jessica D. and Strout, Sean},
   title = {Games as a {"Flavor"} of {CS1}},
   journal = {SIGCSE Bulletin},
   issue_date = {March 2006},
   volume = {38},
   number = {1},
   month = mar,
   year = {2006},
   issn = {0097-8418},
   pages = {500--504},
   numpages = {5},
   url = {http://doi.acm.org/10.1145/1124706.1121498},
   doi = {10.1145/1124706.1121498},
   acmid = {1121498},
   publisher = {ACM},
   address = {New York, NY, USA},
   keywords = {CS1, games, video games},
  }

  @article{becker:2001,
   author = {Becker, Katrin},
   title = {{Teaching} with {Games}: {The} {Minesweeper} and {Asteroids} {Experience}},
   journal = {J. Comput. Sci. Coll.},
   issue_date = {December 2001},
   volume = {17},
   number = {2},
   month = dec,
   year = {2001},
   issn = {1937-4771},
   pages = {23--33},
   numpages = {11},
   url = {http://dl.acm.org/citation.cfm?id=775339.775347},
   acmid = {775347},
   publisher = {Consortium for Computing Sciences in Colleges},
   address = {USA},
  }

  @article{hansen:2004,
   author = {Hansen, Stuart},
   title = {{The Game of Set\textregistered: An Ideal Example for Introducing Polymorphism and Design Patterns}},
   journal = {SIGCSE Bulletin},
   issue_date = {March 2004},
   volume = {36},
   number = {1},
   month = mar,
   year = {2004},
   issn = {0097-8418},
   pages = {110--114},
   numpages = {5},
   url = {http://doi.acm.org/10.1145/1028174.971341},
   doi = {10.1145/1028174.971341},
   acmid = {971341},
   publisher = {ACM},
   address = {New York, NY, USA},
   keywords = {design patterns},
  }

  @article{jimenez-peris:1999,
   author = {Jim{\'e}nez-Peris, Ricardo and Khuri, Sami and Pati\~{n}o-Mart\'{\i}nez, Marta},
   title = {{Adding Breadth to CS1 and CS2 Courses Through Visual and Interactive Programming Projects}},
   journal = {SIGCSE Bulletin},
   issue_date = {March 1999},
   volume = {31},
   number = {1},
   month = mar,
   year = {1999},
   issn = {0097-8418},
   pages = {252--256},
   numpages = {5},
   url = {http://doi.acm.org/10.1145/384266.299774},
   doi = {10.1145/384266.299774},
   acmid = {299774},
   publisher = {ACM},
   address = {New York, NY, USA},
  }

  @article{lewis:2006,
   author = {Lewis, Mark C. and Massingill, Berna},
   title = {{Graphical Game Development in CS2: A Flexible Infrastructure for a Semester Long Project}},
   journal = {SIGCSE Bulletin},
   issue_date = {March 2006},
   volume = {38},
   number = {1},
   month = mar,
   year = {2006},
   issn = {0097-8418},
   pages = {505--509},
   numpages = {5},
   url = {http://doi.acm.org/10.1145/1124706.1121499},
   doi = {10.1145/1124706.1121499},
   acmid = {1121499},
   publisher = {ACM},
   address = {New York, NY, USA},
   keywords = {CS2, assignments, game, java, object orientation, project},
  }

  @article{sung:2007,
   author = {Sung, Kelvin and Shirley, Peter and Rosenberg, Becky Reed},
   title = {{Experiencing Aspects of Games Programming in an Introductory Computer Graphics Class}},
   journal = {SIGCSE Bulletin},
   issue_date = {March 2007},
   volume = {39},
   number = {1},
   month = mar,
   year = {2007},
   issn = {0097-8418},
   pages = {249--253},
   numpages = {5},
   url = {http://doi.acm.org/10.1145/1227504.1227400},
   doi = {10.1145/1227504.1227400},
   acmid = {1227400},
   publisher = {ACM},
   address = {New York, NY, USA},
   keywords = {curriculum, games programming, graphics programming},
  }

  % / RELATED TO GAMES %

  % RELATED TO GRAPHICS %

  @article{guzdial:2002,
   author = {Guzdial, Mark and Soloway, Elliot},
   title = {{Teaching the Nintendo Generation to Program}},
   journal = {Communication of the ACM},
   issue_date = {April 2002},
   volume = {45},
   number = {4},
   month = apr,
   year = {2002},
   issn = {0001-0782},
   pages = {17--21},
   numpages = {5},
   url = {http://doi.acm.org/10.1145/505248.505261},
   doi = {10.1145/505248.505261},
   acmid = {505261},
   publisher = {ACM},
   address = {New York, NY, USA},
  }

  @article{guzdial:2003,
   author = {Guzdial, Mark},
   title = {{A Media Computation Course for Non-Majors}},
   journal = {SIGCSE Bulletin},
   issue_date = {September 2003},
   volume = {35},
   number = {3},
   month = jun,
   year = {2003},
   issn = {0097-8418},
   pages = {104--108},
   numpages = {5},
   url = {http://doi.acm.org/10.1145/961290.961542},
   doi = {10.1145/961290.961542},
   acmid = {961542},
   publisher = {ACM},
   address = {New York, NY, USA},
   keywords = {multimedia, non-majors, programming},
  }

  @inproceedings{guzdial:2013,
   author = {Guzdial, Mark},
   title = {{Exploring Hypotheses about Media Computation}},
   booktitle = {Proceedings of the Ninth Annual International ACM Conference on International Computing Education Research},
   series = {ICER '13},
   year = {2013},
   isbn = {978-1-4503-2243-0},
   location = {San Diego, San California, USA},
   pages = {19--26},
   numpages = {8},
   url = {http://doi.acm.org/10.1145/2493394.2493397},
   doi = {10.1145/2493394.2493397},
   acmid = {2493397},
   publisher = {ACM},
   address = {New York, NY, USA},
   keywords = {assessment, broadening participation, curriculum, education research, motivation, retention, under-represented minorities, women in computing},
  }

  @inproceedings{simon:2010,
   author = {Simon, Beth and Kinnunen, P\"{a}ivi and Porter, Leo and Zazkis, Dov},
   title = {{Experience Report: CS1 for Majors with Media Computation}},
   booktitle = {Proceedings of the Fifteenth Annual Conference on Innovation and Technology in Computer Science Education},
   series = {ITiCSE '10},
   year = {2010},
   isbn = {978-1-60558-820-9},
   location = {Bilkent, Ankara, Turkey},
   pages = {214--218},
   numpages = {5},
   url = {http://doi.acm.org/10.1145/1822090.1822151},
   doi = {10.1145/1822090.1822151},
   acmid = {1822151},
   publisher = {ACM},
   address = {New York, NY, USA},
   keywords = {CS1, media computation, retention},
  } 

  % / RELATED TO GRAPHICS %

  %%%%% end subsection Motivation %%%%%

  %%%%% subsection Educational Software %%%%%

  % WEB-BASED PROGRAMMING ENVIRONMENTS %

  @inproceedings{edwards:2014,
   author = {Edwards, Stephen H. and Tilden, Daniel S. and Allevato, Anthony},
   title = {Pythy: {Improving} the {Introductory} {Python} {Programming} {Experience}},
   booktitle = {Proceedings of the 45th ACM Technical Symposium on Computer Science Education},
   series = {SIGCSE '14},
   year = {2014},
   isbn = {978-1-4503-2605-6},
   location = {Atlanta, Georgia, USA},
   pages = {641--646},
   numpages = {6},
   url = {http://doi.acm.org/10.1145/2538862.2538977},
   doi = {10.1145/2538862.2538977},
   acmid = {2538977},
   publisher = {ACM},
   address = {New York, NY, USA},
   keywords = {browser, interactive, media computation, on-line, python, skulpt, web-based},
  } 

  @article{hitz:1997,
   author = {Hitz, Martin and K\"{o}geler, Stefan},
   title = {{Teaching C++ on the WWW}},
   journal = {SIGCSE Bulletin},
   issue_date = {Sept. 1997},
   volume = {29},
   number = {3},
   month = jun,
   year = {1997},
   issn = {0097-8418},
   pages = {11--13},
   numpages = {3},
   url = {http://doi.acm.org/10.1145/268809.268825},
   doi = {10.1145/268809.268825},
   acmid = {268825},
   publisher = {ACM},
   address = {New York, NY, USA},
  }

  @Inbook{ng:2005,
    author = {Ng, S. C. and Choy, S. O. and Kwan, R. and Chan, S. F.},
    title = {{A Web-Based Environment to Improve Teaching and Learning of Computer Programming in Distance Education}},
    bookTitle = {Advances in Web-Based Learning -- ICWL 2005: 4th International Conference, Hong Kong, China, July 31 - August 3, 2005. Proceedings},
    year = {2005},
    publisher = {Springer Berlin Heidelberg},
    address = {Berlin, Heidelberg},
    pages = {279--290},
    isbn = {978-3-540-31716-6},
    doi = {10.1007/11528043_28},
    url = {http://dx.doi.org/10.1007/11528043_28}
  }

  @inproceedings{perry:2007,
    author={Perry, Richard},
    title={{Multimedia Web-based Programming Development Environment}},
    booktitle={2007 37th Annual Frontiers In Education Conference-Global Engineering: Knowledge Without Borders, Opportunities Without Passports},
    pages={F2H--13},
    year={2007},
    organization={IEEE}
  }

  @inproceedings{truong:2003,
    author={Truong, Nghi and Bancroft, Peter and Roe, Paul},
    title={{A Web Based Environment for Learning to Program}},
    booktitle={Proceedings of the 26th Australasian computer science conference-Volume 16},
    pages={255--264},
    year={2003},
    organization={Australian Computer Society, Inc.}
  }

  @inproceedings{vazhenin:2005,
    author = {Vazhenin, Dmitry and Vazhenin, Alexander and Wang, Ying-Hong},
    title = {{WEB-based Environment for Programming and Distance Learning}},
    booktitle = {19th International Conference on Advanced Information Networking and Applications (AINA'05) Volume 1 (AINA papers)},
    volume = {2},
    pages = {109--112},
    year = {2005},
    organization = {IEEE}
  }

  @inproceedings{yoo:2011,
   author = {Yoo, Danny and Schanzer, Emmanuel and Krishnamurthi, Shriram and Fisler, Kathi},
   title = {{WeScheme: The Browser is Your Programming Environment}},
   booktitle = {Proceedings of the 16th Annual Joint Conference on Innovation and Technology in Computer Science Education},
   series = {ITiCSE '11},
   year = {2011},
   isbn = {978-1-4503-0697-3},
   location = {Darmstadt, Germany},
   pages = {163--167},
   numpages = {5},
   url = {http://doi.acm.org/10.1145/1999747.1999795},
   doi = {10.1145/1999747.1999795},
   acmid = {1999795},
   publisher = {ACM},
   address = {New York, NY, USA},
   keywords = {programming environments, web},
  }

  % / WEB-BASED PROGRAMMING ENVIRONMENTS %

  % GUI AND GRAPHICS LIBRARIES %

  @article{bruce:2001,
   author = {Bruce, Kim B. and Danyluk, Andrea and Murtagh, Thomas},
   title = {A {Library} to {Support} a {Graphics-Based} {Object-First} {Approach} to {CS} 1},
   journal = {SIGCSE Bulletin},
   issue_date = {March 2001},
   volume = {33},
   number = {1},
   month = feb,
   year = {2001},
   issn = {0097-8418},
   pages = {6--10},
   numpages = {5},
   url = {http://doi.acm.org/10.1145/366413.364527},
   doi = {10.1145/366413.364527},
   acmid = {364527},
   publisher = {ACM},
   address = {New York, NY, USA},
  } 

  @inproceedings{hamid:2012,
   author = {Hamid, Nadeem Abdul},
   title = {{Automated Web-Based User Interfaces for Novice Programmers}},
   booktitle = {Proceedings of the 50th Annual Southeast Regional Conference},
   series = {ACM-SE '12},
   year = {2012},
   isbn = {978-1-4503-1203-5},
   location = {Tuscaloosa, Alabama},
   pages = {42--47},
   numpages = {6},
   url = {http://doi.acm.org/10.1145/2184512.2184523},
   doi = {10.1145/2184512.2184523},
   acmid = {2184523},
   publisher = {ACM},
   address = {New York, NY, USA},
   keywords = {CS1, RacketUI, teaching libraries, user interface, web},
  }

  @article{lambert:2000,
   author = {Lambert, Ken and Osborne, Martin},
   title = {{Easy, Realistic GUIs with Java in CS1}},
   journal = {Journal of Computing Sciences in Colleges},
   issue_date = {Jan. 2001},
   volume = {16},
   number = {2},
   month = oct,
   year = {2000},
   issn = {1937-4771},
   pages = {209--215},
   numpages = {7},
   url = {http://dl.acm.org/citation.cfm?id=369279.369358},
   acmid = {369358},
   publisher = {Consortium for Computing Sciences in Colleges},
   address = {USA},
  } 

  @article{roberts:1995,
   author = {Roberts, Eric S.},
   title = {{A C-Based Graphics Library for CS1}},
   journal = {SIGCSE Bulletin},
   issue_date = {March 1995},
   volume = {27},
   number = {1},
   month = mar,
   year = {1995},
   issn = {0097-8418},
   pages = {163--167},
   numpages = {5},
   url = {http://doi.acm.org/10.1145/199691.199767},
   doi = {10.1145/199691.199767},
   acmid = {199767},
   publisher = {ACM},
   address = {New York, NY, USA},
  }

  @article{roberts:1998,
   author = {Roberts, Eric and Picard, Antoine},
   title = {{Designing a Java Graphics Library for CS1}},
   journal = {SIGCSE Bulletin},
   issue_date = {Sept. 1998},
   volume = {30},
   number = {3},
   month = aug,
   year = {1998},
   issn = {0097-8418},
   pages = {213--218},
   numpages = {6},
   url = {http://doi.acm.org/10.1145/290320.283129},
   doi = {10.1145/290320.283129},
   acmid = {283129},
   publisher = {ACM},
   address = {New York, NY, USA},
  }

  @article{shultz:2006,
   author = {Shultz, Gerald},
   title = {{Integrating 3D Graphics into Early CS Courses}},
   journal = {Journal of Computing Sciences in Colleges},
   issue_date = {February 2006},
   volume = {21},
   number = {3},
   month = feb,
   year = {2006},
   issn = {1937-4771},
   pages = {169--178},
   numpages = {10},
   url = {http://dl.acm.org/citation.cfm?id=1089182.1089204},
   acmid = {1089204},
   publisher = {Consortium for Computing Sciences in Colleges},
   address = {USA},
  }

  @article{stephenson:2009,
   author = {Stephenson, Ben and Taube-Schock, Craig},
   title = {{QuickDraw: Bringing Graphics into First Year}},
   journal = {SIGCSE Bulletin},
   issue_date = {March 2009},
   volume = {41},
   number = {1},
   month = mar,
   year = {2009},
   issn = {0097-8418},
   pages = {211--215},
   numpages = {5},
   url = {http://doi.acm.org/10.1145/1539024.1508946},
   doi = {10.1145/1539024.1508946},
   acmid = {1508946},
   publisher = {ACM},
   address = {New York, NY, USA},
   keywords = {computer science education, instructional tools, multimedia projects, pedagogy, student engagement},
  }
  % / GUI AND GRAPHICS LIBRARIES %

  % SKELETON PROJECTS % 

  @article{astrachan:1995,
   author = {Astrachan, Owen and Reed, David},
   title = {{AAA} and {CS} 1: {The} {Applied} {Apprenticeship} {Approach} to {CS} 1},
   journal = {SIGCSE Bulletin},
   issue_date = {March 1995},
   volume = {27},
   number = {1},
   month = mar,
   year = {1995},
   issn = {0097-8418},
   pages = {1--5},
   numpages = {5},
   url = {http://doi.acm.org/10.1145/199691.199694},
   doi = {10.1145/199691.199694},
   acmid = {199694},
   publisher = {ACM},
   address = {New York, NY, USA},
  }

  @article{buck:2000,
   author = {Buck, Duane and Stucki, David J.},
   title = {Design {Early} {Considered} {Harmful}: {Graduated} {Exposure} to {Complexity} and {Structure} {Based} on {Levels} of {Cognitive} {Development}},
   journal = {SIGCSE Bulletin},
   issue_date = {Mar. 2000},
   volume = {32},
   number = {1},
   month = mar,
   year = {2000},
   issn = {0097-8418},
   pages = {75--79},
   numpages = {5},
   url = {http://doi.acm.org/10.1145/331795.331817},
   doi = {10.1145/331795.331817},
   acmid = {331817},
   publisher = {ACM},
   address = {New York, NY, USA},
   keywords = {Bloom's taxonomy, CS1, CS2, control structure diagrams, formal specifications, inside/out pedagogy},
  }

  @article{grissom:2000,
   author = {Grissom, Scott},
   title = {A {Pedagogical} {Framework} for {Introducing} {Java} {I/O} in {CS1}},
   journal = {SIGCSE Bulletin},
   issue_date = {Dec. 2000},
   volume = {32},
   number = {4},
   month = dec,
   year = {2000},
   issn = {0097-8418},
   pages = {57--59},
   numpages = {3},
   url = {http://doi.acm.org/10.1145/369295.369326},
   doi = {10.1145/369295.369326},
   acmid = {369326},
   publisher = {ACM},
   address = {New York, NY, USA},
  }

  @article{reges:2000,
   author = {Reges, Stuart},
   title = {{Conservatively Radical Java in CS1}},
   journal = {SIGCSE Bulletin},
   issue_date = {Mar. 2000},
   volume = {32},
   number = {1},
   month = mar,
   year = {2000},
   issn = {0097-8418},
   pages = {85--89},
   numpages = {5},
   url = {http://doi.acm.org/10.1145/331795.331821},
   doi = {10.1145/331795.331821},
   acmid = {331821},
   publisher = {ACM},
   address = {New York, NY, USA},
   keywords = {CS1, GUI, Java, concurrency},
  }

  @article{sung:2008,
   author = {Sung, Kelvin and Panitz, Michael and Wallace, Scott and Anderson, Ruth and Nordlinger, John},
   title = {{Game-Themed Programming Assignments: The Faculty Perspective}},
   journal = {SIGCSE Bulletin},
   issue_date = {March 2008},
   volume = {40},
   number = {1},
   month = mar,
   year = {2008},
   issn = {0097-8418},
   pages = {300--304},
   numpages = {5},
   url = {http://doi.acm.org/10.1145/1352322.1352241},
   doi = {10.1145/1352322.1352241},
   acmid = {1352241},
   publisher = {ACM},
   address = {New York, NY, USA},
   keywords = {adaptation, cs1/2, games, programming assignments},
  } 

  % / SKELETON PROJECTS % 

  %%%%% end subsection Educational Software %%%%%

% end Computer Science Education


% Web Development Technologies

@inproceedings{guo:2013,
 author = {Guo, Philip J.},
 title = {{Online Python Tutor: Embeddable Web-Based Program Visualization for CS Education}},
 booktitle = {Proceeding of the 44th ACM Technical Symposium on Computer Science Education},
 series = {SIGCSE '13},
 year = {2013},
 isbn = {978-1-4503-1868-6},
 location = {Denver, Colorado, USA},
 pages = {579--584},
 numpages = {6},
 url = {http://doi.acm.org/10.1145/2445196.2445368},
 doi = {10.1145/2445196.2445368},
 acmid = {2445368},
 publisher = {ACM},
 address = {New York, NY, USA},
 keywords = {CS1, program visualization, python},
}

@inproceedings{jazayeri:2007,
  title = {{Some Trends in Web Application Development}},
  author = {Jazayeri, Mehdi},
  booktitle = {Future of Software Engineering, 2007. FOSE'07},
  pages = {199--213},
  year = {2007},
  organization = {IEEE}
}

% end Web Development Technologies


% ----- end of my sources -----
